% -*-bibliografia.bib-*-
% Este fichero es parte de la plantilla LaTeX para
% la realización de Proyectos Final de Carrera, protejido
% bajo los términos de la licencia GFDL.
% Para más información, la licencia completa viene incluida en el
% fichero fdl-1.3.tex

% Copyright (C) 2009 Pablo Recio Quijano 
% Optional fields: author, title, howpublished, month, year, note


@MISC{website:microcontrolador,
  AUTHOR = "WikiPedia",
  title = "Microcontrolador",
  HOWPUBLISHED = "\url{http://es.wikipedia.org/wiki/Microcontrolador}"
}

@MISC{website:bubblesort,
  AUTHOR = "WikiPedia",
  title = "Bubble Sort",
  HOWPUBLISHED = "\url{http://en.wikipedia.org/wiki/Bubble_sort}"
}

@MISC{website:quicksort,
  AUTHOR = "WikiPedia",
  title = "Quick Sort",
  HOWPUBLISHED = "\url{http://en.wikipedia.org/wiki/Quicksort}"
}

@MISC{website:selectionsort,
  AUTHOR = "WikiPedia",
  title = "Bubble Sort",
  HOWPUBLISHED = "\url{http://en.wikipedia.org/wiki/Selection_sort}"
}

@MISC{website:arduino_mega,
  AUTHOR = "Arduino",
  title = "Arduino Mega 2560",
  HOWPUBLISHED = "\url{http://arduino.cc/en/Main/arduinoBoardMega2560}"
}

% Optional fields: author, title, howpublished, month, year, note
@MISC{website:atmega2560,
  AUTHOR = "Atmel",
  title = "Atmel Atmega2560",
  HOWPUBLISHED = "\url{http://www.atmel.com/devices/atmega2560.aspx}"
}
@MISC{website:max32,
  AUTHOR = "Digilent",
  title = "ChipKIT Max32 Prototyping Platform",
  HOWPUBLISHED = "\url{http://www.digilentinc.com/Products/Detail.cfm?NavPath=2,892,894&Prod=CHIPKIT-MAX32}"
}

% Optional fields: author, title, howpublished, month, year, note
@MISC{website:pic32mx,
  AUTHOR = "Microchip",
  title = "Microchip MX795F512L",
  HOWPUBLISHED = "\url{http://www.microchip.com/wwwproducts/Devices.aspx?dDocName=en545660}"
}
@MISC{website:m4k_analysis,
  AUTHOR = "Berkley Design Tecnology Inc",
  title = "An Independent Analysis of the: MIPS Technologies MIPS32 M4K Synthesizable Processor Core",
  HOWPUBLISHED = "\url{http://www.bdti.com/MyBDTI/pubs/m4k.pdf}"
}
@MISC{website:pgm,
  AUTHOR = "Digilent",
  title = "ChipKIT PGM Programmer/Debugger",
  HOWPUBLISHED = "\url{http://www.digilentinc.com/Products/Detail.cfm?NavPath=2,892,1078&Prod=chipKIT%20PGM}"
}

@MISC{website:pickit,
  AUTHOR = "Digilent",
  title = "PICkit 3 In-Circuit Debugger",
  HOWPUBLISHED = "\url{http://www.digilentinc.com/Products/Detail.cfm?NavPath=2,739,974&Prod=PG164130}"
}

@MISC{website:network_shield,
  AUTHOR = "Digilent",
  title = "ChipKIT Network Shield",
  HOWPUBLISHED = "\url{http://www.digilentinc.com/Products/Detail.cfm?NavPath=2,892,942&Prod=CHIPKIT-NETWORK-SHIELD}"
}

@MISC{website:io_shield,
  AUTHOR = "Digilent",
  title = "ChipKIT Basic I/O Shield",
  HOWPUBLISHED = "\url{http://www.digilentinc.com/Products/Detail.cfm?NavPath=2,892,936&Prod=CHIPKIT-BASIC-IO-SHIELD}"
}

@MISC{website:mpide,
  AUTHOR = "Digilent",
  title = "MPIDE",
  HOWPUBLISHED = "\url{https://github.com/chipKIT32/chipKIT32-MAX/downloads}"
}

@MISC{website:mplab,
  AUTHOR = "Microchip",
  title = "MPLAB X",
  HOWPUBLISHED = "\url{http://www.microchip.com/mplabx}"
}

@MISC{website:c32,
  AUTHOR = "Microchip",
  title = "C32",
  HOWPUBLISHED = "\url{http://www.microchip.com/c32}"
}

@MISC{website:arduino_funcs,
  AUTHOR = "Arduino",
  title = "Referencia del Lenguaje (Arduino)",
  HOWPUBLISHED = "\url{http://arduino.cc/es/Reference/HomePage}"
}

@MISC{website:gcc_onlinedocs,
	AUTHOR = "GNU Project",
	title = "GNU GCC Online Documentation",
	HOWPUBLISHED = "\url{http://gcc.gnu.org/onlinedocs}"
}

@Book{mitt04,
  author = 	 {Frank Mittelbach y Michel Goossens},
  title = 	 {The LaTeX Companion},
  publisher = 	 {Addison-Wesley},
  year = 	 {2004}
}

@Book{casc03,
  author = 	 {Bernardo Cascales Salinas},
  title = 	 {El libro de LaTeX},
  publisher = 	 {Pearson Educación},
  year = 	 {2003}
}

@Book{pat_hen,
  author = 	 {David A. Patterson y John L. Hennessy},
  title = 	 {Computer Organization and Design.},
  publisher = 	 {Morgan Kaufmann},
  year = 	 {2011}
}

@Book{git,
  author = 	 {Jon Loeliger y Matthew McCullough},
  title = 	 {Version Control with Git},
  publisher = 	 {O'reilly},
  year = 	 {2012}
}

@Book{algoritmos_ordenacion,
  author = {Luis Joyanes e Ignacio Zahonero Martínez},
  title = {Algoritmos y estructuras de datos. Una perspectiva en C},
  publisher = {McGraw Hill},
  year = {2004},
}

@MISC{website:latex-wikibooks,
      AUTHOR = "Wikibooks",
      title = "{The Book of LaTeX}",
      HOWPUBLISHED = "\url{http://en.wikibooks.org/wiki/LaTeX}"
}

@MISC{pdf:make,
AUTHOR = "{Gerardo Aburruzaga García}",
title = "{Make. Un programa para controlar la recompilación}",
HOWPUBLISHED = "\url{http://www.uca.es/softwarelibre/publicaciones/make.pdf}"
}
